@BOOK{princeCVMLI2012,
author = {Prince, S.J.D.},
title= {{Computer Vision: Models Learning and Inference}},
publisher = {{Cambridge University Press}},
year = 2012},

@misc{exam,
author = {Klein, R},
title={Computer Vision Exam},
howpublished={\url{https://moodle.ms.wits.ac.za/moodle/course/view.php?id=73}},
note={Online; accessed 17 September 2019},
year={2017}
}

@misc{test,
author={Klein, R},
title={Computer Vision Test},
howpublished={\url{https://moodle.ms.wits.ac.za/moodle/course/view.php?id=73}},
note={Online; accessed 17 September 2019},
year={2017}
}